%%%%%%%%%%%%%%%%%%%%%%%%%%%%%%%%%%%%%%
% LIVRO
%%%%%%%%%%%%%%%%%%%%%%%%%%%%%%%%%%%%%%



@book{burden2015,
    title={Análise Numérica},
    author={Burden, Richard L. and Faires, Douglas J. and Burden, Annette M.},
    year={2015},
    publisher={Cengage Learning},
    edition={10},
    pages = {703-749}
}
%pag.703 até 749

@book{atkinson1989introduction,
  title = {An Introduction to Numerical Analysis},
  author = {Atkinson, K. E.},
  year = {1989},
  publisher = {John Wiley \& Sons},
  edition = {2},
  address = {Nova York}
}
%Erro newton

@book{FluxoDePotenciaIgor,
	title={Fluxo de Potência: teoria e implementação de códigos computacionais },
	author={Igor Delgado de Melo},
	year={2023},
	publisher={Blucher},
	edition={1},
	address={São Paulo}
}

@book{yazdani2010voltage,
	title={Voltage-sourced converters in power systems: modeling, control, and applications},
	author={Yazdani, Amirnaser and Iravani, Reza},
	year={2010},
	publisher={John Wiley \& Sons},
	edition={1},
	address={Hoboken}
}

@book{Guidorizzi,
title = {Um Curso de Cálculo - Volume 1},
author = {Hamilton Luiz Guidorizzi},
year = {2001},
edition = {5},
address = {Rio de Janeiro},
publisher = {LTC},
pages = {460-480}
}

@book{Stagg,
title = {Computer Methods in Power System Analysis},
year = {1968},
edition={1},
address = {Tokyo},
pages = {343},
publisher = {Kagakusha Co. Ltd.},
author = {Stagg, Glenn and El-Abiad, Ahmed}
}

@book{Robba,
title = {Análise de sistemas de transmissão de energia elétrica},
editon = {1},
address = {São Paulo},
pages = {177},
publisher = {Blucher},
author = {Ernesto João Robba},
year = {2021}
}

@book{Zanetta,
title = {Fundamentos de Sistemas Elétricos de Potência},
author = {Luiz Cera Zanetta},
edition = {1},
address = {São Paulo},
year = {2006},
publisher = {Editora Livraria da Física},
pages = {239}
}
%%%%%%%%%%%%%%%%%%%%%%%%%%%%%%%%%%%%%%
% TESE
%%%%%%%%%%%%%%%%%%%%%%%%%%%%%%%%%%%%%%


@phdthesis{bellido2018microrredes,
	title={Microrredes el{\'e}tricas: uma proposta de implementa{\c{c}}{\~a}o no brasil},
	author={Bellido, Marlon Max Huaman{\'\i}},
	year={2018},
	month={Mar{\c{c}}o},
	address={Rio de Janeiro},
	keywords={Gera{\c{c}}{\~a}o Distribu{\'\i}, Microrredes, Centro de Tecnologia},
	school={Universidade Federal do Rio de Janeiro}
}

@phdthesis{mansour2013,
  title={M{\'e}todo r{\'a}pido para an{\'a}lise de conting{\^e}ncias e sele{\c{c}}{\~a}o de controles preventivos no contexto de estabilidade de tens{\~a}o},
  author={Mansour, Moussa Reda},
  year={2013},
  school={Universidade de S{\~a}o Paulo}
}

@phdthesis{choque2011importancia,
  title={A import{\^a}ncia da regi{\~a}o de estabilidade no problema de an{\'a}lise de estabilidade de tens{\~a}o em sistemas el{\'e}tricos de pot{\^e}ncia},
  author={Choque Pillco, Edwin},
  year={2011},
  school={Universidade de S{\~a}o Paulo}
}

@techreport{subramanian2014application,
  title={Application of holomorphic embedding to the power-flow problem},
  author={Subramanian, Muthu Kumar},
  year={2014},
  institution={Arizona State University}
}

%%%%%%%%%%%%%%%%%%%%%%%%%%%%%%%%%%%%%%
% DISSERTACAO
%%%%%%%%%%%%%%%%%%%%%%%%%%%%%%%%%%%%%%

@mastersthesis{brito2006,
	title={Controle Robusto LQG/LTR com recupera{\c{c}}{\~a}o do ganho da malha de transfer{\^e}ncia},
	author={Brito Filho, Joaquim Gomes},
	year={2006},
	month={Maio},
	address={S{\~a}o Lu{\'i}s},
	keywords={},
	school={Universidade Federal do Maranh{\~a}o}
}



%%%%%%%%%%%%%%%%%%%%%%%%%%%%%%%%%%%%%%
% JORNAL-REVISTA
%%%%%%%%%%%%%%%%%%%%%%%%%%%%%%%%%%%%%%
@article{NewtonRaphson,
  author = {W. F. Tinney and C. E. Hart},
  title = {Power Flow Solution by Newton's Method},
  journal = {IEEE Transactions on Power Apparatus and Systems},
  volume = {PAS-86},
  number = {11},
  pages = {1449-1460},
  year = {1967}
}


@article{iwamoto1981load,
  title={A load flow method for ill-conditioned power systems},
  author={Iwamoto, S. and Tamura, Y.},
  journal={IEEE Transactions on Power Apparatus and Systems},
  volume={PAS-93},
  pages={1736--1743},
  year={1981},
  publisher={IEEE}
}



@article{duarte2019zero,
	title={Zero-sequence voltage compensation of a distribution network through a four-wire modular multilevel static synchronous compensator},
	author={Duarte, Samuel N and Ghetti, Frederico T and de Almeida, Pedro M and Barbosa, Pedro G},
	journal={International Journal of Electrical Power \& Energy Systems},
	volume={109},
	pages={57--72},
	year={2019},
	publisher={Elsevier}
}


@article{fractal,
	title={Análise Fractal das Múltiplas Soluções do Fluxo de Potência em Sistemas Elétricos},
	author={RODRIGUES, Filipe and MELO, Igor Delgado and LIMA, Glaucus Rivera Santos.},
	journal={ANAIS DA XV CONFERêNCIA BRASILEIRA SOBRE QUALIDADE DA ENERGIA ELéTRICA, 2023, São Luís. Campinas, Galoá, 2023},
	year={2023}
}

@article{Overbye,
title={A Power Flow Measure for Unsolvable Cases},
author={OVERBYE, Thomas J.},
journal={IEEE Transactions on Power Systems},
volume={9},
year={1994},
pages={1359-1365},
publisher={IEEE}
}


@article{kardashev1964transmission,
  title={Transmission of Information by Extraterrestrial Civilizations.},
  author={Kardashev, Nikolai S},
  journal={Soviet Astronomy},
  volume={8},
  pages={217},
  year={1964}
}

@article{silva2012uso,
  title={Uso do {\'\i}ndice de desenvolvimento humano como instrumento de proje{\c{c}}{\~a}o de demanda de energia el{\'e}trica},
  author={da Silva, Marcelo G. and Guimar{\~a}es, L. dos S.},
  journal={Economia e Energia},
  volume={86},
  pages={36},
  year={2012}
}

@article{abdel2013voltage,
  title={Voltage stability analysis of unbalanced distribution systems using backward/forward sweep load-flow analysis method with secant predictor},
  author={Abdel-Akher, Mamdouh},
  journal={IET generation, transmission \& distribution},
  volume={7},
  number={3},
  pages={309--317},
  year={2013},
  publisher={Wiley Online Library}
}

@inproceedings{augugliaro2007voltage,
  title={Voltage collapse proximity indicators for radial distribution networks},
  author={Augugliaro, Antonino and Dusonchet, Luigi and Mangione, Stefano},
  booktitle={9th International Conference on Electrical Power Quality and Utilisation},
  pages={1--6},
  year={2007},
  organization={IEEE}
}

@inproceedings{rodrigues2023analise,
  author       = {Rodrigues, F. M. e S. and Melo, I. D. de and Lima, G. R. S.},
  title        = {Análise fractal das múltiplas soluções do fluxo de potência em sistemas elétricos},
  booktitle    = {Anais da XV Conferência Brasileira sobre Qualidade da Energia Elétrica},
  year         = {2023},
  address      = {São Luís},
  organization = {SBQEE}
}

@article{GaussSeidel,
  author = {J. B. Ward and H. W. Hale},
  title = {Digital Computer Solution of Power-Flow Problems},
  journal = {Transactions of the American Institute of Electrical Engineers. Part III: Power Apparatus and Systems},
  volume = {PAS-75},
  number = {3},
  pages = {398-404},
  year = {1956}
}

@article{levenberg1944method,
  title={A method for the solution of certain non-linear problems in least squares},
  author={Levenberg, Kenneth},
  journal={Quarterly of applied mathematics},
  volume={2},
  number={2},
  pages={164--168},
  year={1944}
}

@inproceedings{li2017study,
  title={Study on voltage control in distribution network with renewable energy integration},
  author={Li, Yan and Tian, Xinshou and Liu, Chao and Su, Yuanyuan and Li, Lisheng and Zhang, Linli and Sun, Yong and Li, Jianxiu},
  booktitle={2017 IEEE Conference on Energy Internet and Energy System Integration (EI2)},
  pages={1--5},
  year={2017},
  organization={IEEE}
}
@article{thorp,
    author = {Thorp, James and Naqavi, Syed},
    title = {Load-Flow Fractals Draw Clues to Erratic Behavior} ,
    journal = {IEEE Computer Applications in Power Systems},
    year = {1997},
    pages = {59-62},
}

@inproceedings{de2021comparative,
  title={A Comparative Analysis of the Main Methods for Tracing PV Characteristic Curve Through Experimental Tests},
  author={de Carvalho Neto, Jo{\~a}o T},
  booktitle={2021 Brazilian Power Electronics Conference (COBEP)},
  pages={1--6},
  year={2021},
  organization={IEEE}
}


@article{santiagoplanejamento,
  title={PLANEJAMENTO DE SISTEMAS DE DISTRIBUI{\c{C}}{\~A}O DE ENERGIA EL{\'E}TRICA: UMA REVIS{\~A}O DE LITERATURA PLANNING OF ELECTRICITY DISTRIBUTION SYSTEMS: A LITERATURE},
  author={Santiago, Egleuson Araujo and Faria, Robson Edgard},
    year={2020}
}

@inproceedings{karbalaei2010comparison,
  title={A comparison of voltage collapse proximity indicators},
  author={Karbalaei, F and Soleymani, H and Afsharnia, S},
  booktitle={2010 Conference Proceedings IPEC},
  pages={429--432},
  year={2010},
  organization={IEEE}
}

@inproceedings{lou2022static,
  title={Static Volatge Stability Evaluation on the Urban Power System by Continuation Power Flow},
  author={Lou, Yuanyuan and Ou, Zhongxi and Tong, Zhu and Tang, Wenjing and Li, Zhencong and Yang, Kun},
  booktitle={2022 5th International Conference on Energy, Electrical and Power Engineering (CEEPE)},
  pages={833--838},
  year={2022},
  organization={IEEE}
}

@article{ajjarapu1992continuation,
  title={The continuation power flow: a tool for steady state voltage stability analysis},
  author={Ajjarapu, Venkataramana and Christy, Colin},
  journal={IEEE transactions on Power Systems},
  volume={7},
  number={1},
  pages={416--423},
  year={1992},
  publisher={Ieee}
}

@article{ajjarapu1995optimal,
  title={Optimal continuation power flow},
  author={Ajjarapu, Venkataramana and Jain, Nirlesh},
  journal={Electric power systems research},
  volume={35},
  number={1},
  pages={17--24},
  year={1995},
  publisher={Elsevier}
}

@article{gray1978analytic,
  author = {Gray, J. D. and Morris, S. A.},
  title = {When Is a Function That Satisfies the Cauchy-Riemann Equations Analytic?},
  journal = {The American Mathematical Monthly},
  volume = {85},
  number = {4},
  year = {1978},
  pages = {246--256},
}

%%%%%%%%%%%%%%%%%%%%%%%%%%%%%%%%%%%%%%%%%%%%%
%Noticias
%%%%%%%%%%%%%%%%%%%%%%%%%%%%%%%%%%%%%%%%%%%%%
@online{ONScrescimento2023,
  title = {ONS preve crescimento médio de 3,5\% na carga de energia elétrica brasileira para 2023},
  author = {ONS},
  year = {2023},
  url = {https://bit.ly/3sCJYTZ},
  urldate = {2023-09-11},
}

@inproceedings{ONSsubmodulo2_3,
title= {Procedimentos de Rede: Submódulo 2.3 - Premissas, critérios e metodologia para estudos elétricos},
author = {ONS},
year = {2020},
url = {https://www.ons.org.br/paginas/sobre-o-ons/procedimentos-de-rede/vigentes},
note= {Acesso em: 19 jun. 2024}  
}

@inproceedings{EPE_transmissao_desafios,
title= {Desafios da Transmissão no Longo Prazo },
author = {EPE},
year = {2018},
url = {https://www.epe.gov.br/pt/imprensa/noticias/mme-publica-conjunto-de-estudos-de-apoio-ao-pne-2050},
note= {Acesso em: 19 jun. 2024}  
}


@online{ANEELexpansão,
  title = {Primeiro semestre de 2023 tem crescimento de 5,1 GW na matriz elétrica brasileira},
  author = {ANEEL},
  year = {2023},
  url = {https://bit.ly/3MI4WaS},
  urldate = {2023-09-11},
}

@article{suetin2002pade,
  title={Pad{\'e} approximants and efficient analytic continuation of a power series},
  author={Suetin, Sergey Pavlovich},
  journal={Russian Mathematical Surveys},
  volume={57},
  number={1},
  pages={43},
  year={2002},
  publisher={IOP Publishing}
}

%%%%%%%%%%%%%%%%%%%%%%%%%%%%%%%%%%%%%%%%%%%%%
% Artigos novos sobre o helm
%%%%%%%%%%%%%%%%%%%%%%%%%%%%%%%%%%%%%%%%%%%%%

@article{basiri2017holomorphic,
  title={Holomorphic embedding load-flow modeling of thyristor-based FACTS controllers},
  author={Basiri-Kejani, Mohsen and Gholipour, Eskandar},
  journal={IEEE Transactions on Power Systems},
  volume={32},
  number={6},
  pages={4871--4879},
  year={2017},
  publisher={IEEE}
}

@article{feng2018holomorphic,
  title={A Holomorphic embedding approach for finding the Type-1 power-flow solutions},
  author={Feng, Yang and Tylavsky, Daniel},
  journal={International Journal of Electrical Power \& Energy Systems},
  volume={102},
  pages={179--188},
  year={2018},
  publisher={Elsevier}
}

@article{rao2019three,
  title={Three-phase unbalanced optimal power flow using holomorphic embedding load flow method},
  author={Rao, Bharath Varsh and Kupzog, Friederich and Kozek, Martin},
  journal={Sustainability},
  volume={11},
  number={6},
  pages={1774},
  year={2019},
  publisher={MDPI}
}

@article{liu2019remote,
  title={Remote voltage control using the holomorphic embedding load flow method},
  author={Liu, Chengxi and Qin, Nan and Sun, Kai and Bak, Claus Leth},
  journal={IEEE Transactions on Smart Grid},
  volume={10},
  number={6},
  pages={6308--6319},
  year={2019},
  publisher={IEEE}
}

@article{sur2020modified,
  title={A modified holomorphic embedding method based hybrid AC-DC microgrid load flow},
  author={Sur, Ujjal and Biswas, Amitava and Bera, Jitendra Nath and Sarkar, Gautam},
  journal={Electric Power Systems Research},
  volume={182},
  pages={106267},
  year={2020},
  publisher={Elsevier}
}

@article{abbasi2020probabilistic,
  title={Probabilistic load flow based on holomorphic embedding, kernel density estimator and saddle point approximation including correlated uncertainty variables},
  author={Abbasi, Ali Reza},
  journal={Electric Power Systems Research},
  volume={183},
  pages={106178},
  year={2020},
  publisher={Elsevier}
}

@article{sayed2023optimal,
  title={Optimal Operable Power Flow: Sample-efficient Holomorphic Embedding-based Reinforcement Learning},
  author={Sayed, Ahmed Rabee and Zhang, Xian and Wang, Guibin and Wang, Cheng and Qiu, Jing},
  journal={IEEE Transactions on Power Systems},
  year={2023},
  publisher={IEEE}
}

@article{IEEE33,
author = {Kakueinejad, Mohammad and Heydari, Azim and Askari, Mostafa and Keynia, Farshid},
year = {2020},
pages = {4795},
title = {Optimal Planning for the Development of Power System in Respect to Distributed Generations Based on the Binary Dragonfly Algorithm},
volume = {10},
journal = {Applied Sciences},
}

@article{11busSystem,
  title={Load-flow solutions for ill-conditioned power systems by a Newton-like method},
  author={Tripathy, SC and Prasad, G Durga and Malik, OP and Hope, GS},
  journal={IEEE Transactions on Power apparatus and Systems},
  number={10},
  pages={3648--3657},
  year={1982},
  publisher={IEEE}
}

@article{IEEE_standard,
title={Recommended Practice for
Conducting Load-Flow Studies
and Analysis of Industrial and
Commercial Power Systems},
organization={IEEE},
year={2018},
address={New York, NY, USA},
publisher={IEEE}
}

@article{Leandro,
title={Comparisons between the three-phase current injection method
and the forward/backward sweep method},
author={Araujo, R. Leandro and Penido, Débora R. and Júnior, Sandoval C. and Pereira, José R. and Garcia, Paulo A.},
journal={International Journal of Electrical Power Energy Systems},
volume={32},
number={7},
year={2010},
pages={825-833},
}

@article{convergence_region,
title={Convergence Region of Newton Iterative Power Flow Method:
Numerical Studies},
author={Deng, Jiao-Jiao and Chiang, Hsiao-Dong},
publisher={Hindawi Publishing Corporation},
year = {2013}
}

